<record><leader>00000cas a2200000 a 4500</leader><controlfield tag="001">1757684</controlfield><controlfield tag="008">751101d19391947mnudn ne      0    0eng c</controlfield><datafield ind1=" " ind2=" " tag="010"><subfield code="a">sn 83045367 </subfield></datafield><datafield ind1=" " ind2=" " tag="040"><subfield code="a">MUL</subfield><subfield code="b">eng</subfield><subfield code="c">MUL</subfield><subfield code="d">NPW</subfield><subfield code="d">DLC</subfield><subfield code="d">NPH</subfield><subfield code="d">DLC</subfield><subfield code="d">MN#</subfield><subfield code="d">CRL</subfield><subfield code="d">OCL</subfield><subfield code="d">NVF</subfield><subfield code="d">DLC</subfield><subfield code="d">OCLCQ</subfield><subfield code="d">OCLCF</subfield></datafield><datafield ind1=" " ind2=" " tag="019"><subfield code="a">22685283</subfield></datafield><datafield ind1="1" ind2=" " tag="029"><subfield code="a">AU@</subfield><subfield code="b">000040192110</subfield></datafield><datafield ind1=" " ind2=" " tag="042"><subfield code="a">pcc</subfield></datafield><datafield ind1=" " ind2=" " tag="043"><subfield code="a">n-us-mn</subfield></datafield><datafield ind1="0" ind2="0" tag="050"><subfield code="a">Newspaper 7002</subfield></datafield><datafield ind1=" " ind2=" " tag="052"><subfield code="a">4144</subfield><subfield code="b">M5</subfield></datafield><datafield ind1="0" ind2=" " tag="130"><subfield code="a">Minneapolis star-journal (Minneapolis, Minn. : 1939)</subfield></datafield><datafield ind1="1" ind2="0" tag="245"><subfield code="a">Minneapolis star-journal.</subfield></datafield><datafield ind1="1" ind2=" " tag="246"><subfield code="i">Published on Sundays as:</subfield><subfield code="a">Minneapolis Sunday tribune and Minneapolis star journal</subfield></datafield><datafield ind1="1" ind2=" " tag="246"><subfield code="i">Issues for July 15, 1946-Feb. 1, 1947 published as:</subfield><subfield code="a">Minneapolis star and journal</subfield></datafield><datafield ind1="3" ind2="0" tag="246"><subfield code="a">Star-journal</subfield></datafield><datafield ind1=" " ind2=" " tag="260"><subfield code="a">Minneapolis, Minn. :</subfield><subfield code="b">Minneapolis Star Co.,</subfield><subfield code="c">1939-1947.</subfield></datafield><datafield ind1=" " ind2=" " tag="300"><subfield code="a">v.</subfield></datafield><datafield ind1=" " ind2=" " tag="310"><subfield code="a">Daily (except Sunday),</subfield><subfield code="b">June 9, 1941-1947</subfield></datafield><datafield ind1=" " ind2=" " tag="321"><subfield code="a">Daily,</subfield><subfield code="b">1939-June 7, 1941</subfield></datafield><datafield ind1="0" ind2=" " tag="362"><subfield code="a">Vol. 36, no. 155 (Aug. 16, 1939)-v. 69, no. 58 (Feb. 1, 1947).</subfield></datafield><datafield ind1=" " ind2=" " tag="530"><subfield code="a">Available on microfilm from the Minnesota Historical Society, Kodak, Ltd, Recodak Division, and the Library of Congress, Photoduplication Service.</subfield></datafield><datafield ind1=" " ind2="0" tag="651"><subfield code="a">Minneapolis (Minn.)</subfield><subfield code="v">Newspapers.</subfield></datafield><datafield ind1=" " ind2="0" tag="651"><subfield code="a">Hennepin County (Minn.)</subfield><subfield code="v">Newspapers.</subfield></datafield><datafield ind1=" " ind2="7" tag="655"><subfield code="a">Newspapers.</subfield><subfield code="2">fast</subfield><subfield code="0">(OCoLC)fst01423814</subfield></datafield><datafield ind1=" " ind2="7" tag="651"><subfield code="a">Minnesota</subfield><subfield code="z">Hennepin County.</subfield><subfield code="2">fast</subfield><subfield code="0">(OCoLC)fst01213354</subfield></datafield><datafield ind1=" " ind2="7" tag="651"><subfield code="a">Minnesota</subfield><subfield code="z">Minneapolis.</subfield><subfield code="2">fast</subfield><subfield code="0">(OCoLC)fst01204260</subfield></datafield><datafield ind1=" " ind2=" " tag="752"><subfield code="a">United States</subfield><subfield code="b">Minnesota</subfield><subfield code="c">Hennepin</subfield><subfield code="d">Minneapolis.</subfield></datafield><datafield ind1="0" ind2="0" tag="780"><subfield code="t">Minneapolis star the Minneapolis journal</subfield><subfield code="w">(DLC)sn 90060577</subfield><subfield code="w">(OCoLC)22685287</subfield></datafield><datafield ind1="0" ind2="0" tag="785"><subfield code="t">Minneapolis star (Minneapolis, Minn. : 1947)</subfield><subfield code="w">(DLC)sn 83045358</subfield><subfield code="w">(OCoLC)1757683</subfield></datafield></record>